<?xml version = "1.0" encoding = "UTF-8"?><record>
  <leader>03395nam a22004575i 4500</leader>
  <controlfield tag="001">99368090810506441</controlfield>
  <controlfield tag="005">20200707233959.0</controlfield>
  <controlfield tag="006">m     o  d |      </controlfield>
  <controlfield tag="007">cr -n---------</controlfield>
  <controlfield tag="008">130611s2013    gw |    o    |||| 0|ger d</controlfield>
  <datafield tag="020" ind1=" " ind2=" ">
    <subfield code="a">3-642-32079-1</subfield>
  </datafield>
  <datafield tag="024" ind1="7" ind2=" ">
    <subfield code="a">10.1007/978-3-642-32079-8</subfield>
    <subfield code="2">doi</subfield>
  </datafield>
  <datafield tag="035" ind1=" " ind2=" ">
    <subfield code="a">(CKB)2560000000104439</subfield>
  </datafield>
  <datafield tag="035" ind1=" " ind2=" ">
    <subfield code="a">(EBL)1317370</subfield>
  </datafield>
  <datafield tag="035" ind1=" " ind2=" ">
    <subfield code="a">(SSID)ssj0000935285</subfield>
  </datafield>
  <datafield tag="035" ind1=" " ind2=" ">
    <subfield code="a">(PQKBManifestationID)11546557</subfield>
  </datafield>
  <datafield tag="035" ind1=" " ind2=" ">
    <subfield code="a">(PQKBTitleCode)TC0000935285</subfield>
  </datafield>
  <datafield tag="035" ind1=" " ind2=" ">
    <subfield code="a">(PQKBWorkID)10955312</subfield>
  </datafield>
  <datafield tag="035" ind1=" " ind2=" ">
    <subfield code="a">(PQKB)10279369</subfield>
  </datafield>
  <datafield tag="035" ind1=" " ind2=" ">
    <subfield code="a">(DE-He213)978-3-642-32079-8</subfield>
  </datafield>
  <datafield tag="035" ind1=" " ind2=" ">
    <subfield code="a">(MiAaPQ)EBC1317370</subfield>
  </datafield>
  <datafield tag="035" ind1=" " ind2=" ">
    <subfield code="a">(EXLCZ)992560000000104439</subfield>
  </datafield>
  <datafield tag="041" ind1=" " ind2=" ">
    <subfield code="a">ger</subfield>
  </datafield>
  <datafield tag="050" ind1=" " ind2="4">
    <subfield code="a">QA76.758</subfield>
  </datafield>
  <datafield tag="072" ind1=" " ind2="7">
    <subfield code="a">UMZ</subfield>
    <subfield code="2">bicssc</subfield>
  </datafield>
  <datafield tag="072" ind1=" " ind2="7">
    <subfield code="a">UL</subfield>
    <subfield code="2">bicssc</subfield>
  </datafield>
  <datafield tag="072" ind1=" " ind2="7">
    <subfield code="a">COM051230</subfield>
    <subfield code="2">bisacsh</subfield>
  </datafield>
  <datafield tag="082" ind1="0" ind2="0">
    <subfield code="a">005.43</subfield>
  </datafield>
  <datafield tag="100" ind1="1" ind2=" ">
    <subfield code="a">Wolfinger, Christine.</subfield>
    <subfield code="e">author.</subfield>
    <subfield code="4">aut</subfield>
    <subfield code="4">http://id.loc.gov/vocabulary/relators/aut</subfield>
  </datafield>
  <datafield tag="245" ind1="1" ind2="0">
    <subfield code="a">Keine Angst vor Linux/Unix</subfield>
    <subfield code="h">[electronic resource] :</subfield>
    <subfield code="b">Ein Lehrbuch f&#252;r Linux- und Unix-Anwender /</subfield>
    <subfield code="c">von Christine Wolfinger.</subfield>
  </datafield>
  <datafield tag="250" ind1=" " ind2=" ">
    <subfield code="a">11th ed. 2013.</subfield>
  </datafield>
  <datafield tag="264" ind1=" " ind2="1">
    <subfield code="a">Berlin, Heidelberg :</subfield>
    <subfield code="b">Springer Berlin Heidelberg :</subfield>
    <subfield code="b">Imprint: Springer Vieweg,</subfield>
    <subfield code="c">2013.</subfield>
  </datafield>
  <datafield tag="300" ind1=" " ind2=" ">
    <subfield code="a">1 online resource (537 p.)</subfield>
  </datafield>
  <datafield tag="336" ind1=" " ind2=" ">
    <subfield code="a">text</subfield>
    <subfield code="b">txt</subfield>
  </datafield>
  <datafield tag="337" ind1=" " ind2=" ">
    <subfield code="a">computer</subfield>
    <subfield code="b">c</subfield>
  </datafield>
  <datafield tag="338" ind1=" " ind2=" ">
    <subfield code="a">online resource</subfield>
    <subfield code="b">cr</subfield>
  </datafield>
  <datafield tag="490" ind1="1" ind2=" ">
    <subfield code="a">Xpert.press,</subfield>
    <subfield code="x">1439-5428</subfield>
  </datafield>
  <datafield tag="546" ind1=" " ind2=" ">
    <subfield code="a">German</subfield>
  </datafield>
  <datafield tag="500" ind1=" " ind2=" ">
    <subfield code="a">Includes index.</subfield>
  </datafield>
  <datafield tag="505" ind1="0" ind2=" ">
    <subfield code="a">Vorwort -- Hinweis zur 11. Auflage -- Geleitwort -- Allgemeine Einf&#252;hrung -- Konventionen und Begriffe zu diesem Buch -- Praktische Anwendung von Linux/Unix -- Auf los geht&apos;s los -- Es &quot;shellt&quot; -- Editoren unter Linux/Unix -- Dateiverwaltung und -pflege -- Sicher ist sicher! -- Arbeiten im Netz -- Shell-Prozeduren -- Erweiterungen der Shell -- Besonderheiten der C-Shell -- Noch ein paar Befehle -- Der AWK -- CDE - Grafische Oberfl&#228;che unter Unix -- Linux - Grafische Oberfl&#228;chen -- Etwas Systemverwaltung -- &#220;bersichten -- Glossar -- Literaturverzeichnis -- Interessante Weblinks -- Stichwortverzeichnis -- Nachwort.</subfield>
  </datafield>
  <datafield tag="520" ind1=" " ind2=" ">
    <subfield code="a">Dieses Buch bietet einen leichten Einstieg sowohl in Linux als auch in Unix wie AIX, Solaris, HP-UX. Aus der Vielfalt der Kommandos und deren mannigfachen Variationsm&#246;glichkeiten ist das Wesentliche f&#252;r den Anwender herausgefiltert. In diesem Lehrbuch finden Sie den Lehrstoff f&#252;r einen Einf&#252;hrungs- und einen Aufbaukurs, sowie f&#252;r die Shell-Programmierung einschlie&#223;lich awk und den Einstieg in die Systemverwaltung (ca. 12 Tage Schulung). An vielen praktischen Beispielen wird gezeigt, wie einfach man mit Linux-/Unix-Kommandos funktionell arbeiten kann. Bei der Shell-Programmierung wird neben der Bash, die unter Linux eingesetzt wird, auch auf die Unterscheide zur Posix-/Korn-Shell und der C-Shell eingegangen. Die grafischen Oberfl&#228;chen (KDE, Gnome und unter Unix CDE) werden in ihrer grunds&#228;tzlichen Arbeitsweise behandelt und bieten dem Anwender eine gute Orientierung unabh&#228;ngig von den in verschiedenen Versionen ver&#228;nderten Darstellungen und Animationen.</subfield>
  </datafield>
  <datafield tag="650" ind1=" " ind2="0">
    <subfield code="a">Software engineering.</subfield>
  </datafield>
  <datafield tag="650" ind1=" " ind2="0">
    <subfield code="a">Operating systems (Computers).</subfield>
  </datafield>
  <datafield tag="650" ind1="1" ind2="4">
    <subfield code="a">Software Engineering/Programming and Operating Systems.</subfield>
    <subfield code="0">https://scigraph.springernature.com/ontologies/product-market-codes/I14002</subfield>
  </datafield>
  <datafield tag="650" ind1="2" ind2="4">
    <subfield code="a">Operating Systems.</subfield>
    <subfield code="0">https://scigraph.springernature.com/ontologies/product-market-codes/I14045</subfield>
  </datafield>
  <datafield tag="776" ind1=" " ind2=" ">
    <subfield code="z">3-642-32078-3</subfield>
    <subfield code="0">(uri) http://www.isbnsearch.org/isbn/3-642-32078-3</subfield>
  </datafield>
  <datafield tag="830" ind1=" " ind2="0">
    <subfield code="a">Xpert.press,</subfield>
    <subfield code="x">1439-5428</subfield>
  </datafield>
  <datafield tag="906" ind1=" " ind2=" ">
    <subfield code="a">BOOK</subfield>
  </datafield>
  <datafield tag="MBD" ind1=" " ind2=" ">
    <subfield code="M">49HBZ_NETWORK</subfield>
    <subfield code="i">99368090810506441</subfield>
    <subfield code="n">HBZ Network</subfield>
  </datafield>
  <datafield tag="MBD" ind1=" " ind2=" ">
    <subfield code="M">49HBZ_UDE</subfield>
    <subfield code="i">99203859337206446</subfield>
    <subfield code="n">Universit&#228;t Duisburg-Essen</subfield>
  </datafield>
  <datafield tag="MNG" ind1=" " ind2=" ">
    <subfield code="c">NON_SFX_CREATOR</subfield>
    <subfield code="f">NON_SFX</subfield>
    <subfield code="i">marc21</subfield>
    <subfield code="h">20180829124117.0</subfield>
    <subfield code="k">10</subfield>
    <subfield code="e">false</subfield>
    <subfield code="d">2021-02-11 08:27:13 Europe/Berlin</subfield>
    <subfield code="g">992560000000104439</subfield>
    <subfield code="a">NON_SFX_CREATOR</subfield>
    <subfield code="b">2013-07-14 08:52:39 Europe/Berlin</subfield>
  </datafield>
  <datafield tag="POR" ind1=" " ind2=" ">
    <subfield code="j">Springer Link</subfield>
    <subfield code="x">System</subfield>
    <subfield code="a">53472085180006441</subfield>
    <subfield code="M">49HBZ_NETWORK</subfield>
    <subfield code="p">61458794450006441</subfield>
    <subfield code="q">Springer Technik &amp; Informatik eBooks 2013 - German Language</subfield>
    <subfield code="c">param</subfield>
    <subfield code="o">613720000000001504</subfield>
    <subfield code="A">49HBZ_FHA</subfield>
    <subfield code="A">49HBZ_BIE</subfield>
    <subfield code="A">49HBZ_UBD</subfield>
    <subfield code="A">49HBZ_DUE</subfield>
    <subfield code="A">49HBZ_UDE</subfield>
    <subfield code="A">49HBZ_WUP</subfield>
    <subfield code="y">2020-11-23 14:55:16 Europe/Berlin</subfield>
    <subfield code="w">2020-11-23 14:55:09 Europe/Berlin</subfield>
    <subfield code="D">https://eu04.alma.exlibrisgroup.com/view/uresolver/49HBZ_NETWORK/openurl?u.ignore_date_coverage=true&amp;portfolio_pid=53472085180006441&amp;Force_direct=true</subfield>
    <subfield code="v">NON_SFX_CREATOR</subfield>
    <subfield code="z">2020-11-23 13:55:09</subfield>
    <subfield code="i">false</subfield>
    <subfield code="S">62458794440006441</subfield>
    <subfield code="d">https://hbz-network.userservices.exlibrisgroup.com/view/uresolver/49HBZ_NETWORK/openurl?u.ignore_date_coverage=true&amp;rft.mms_id=99368090810506441</subfield>
    <subfield code="b">Available</subfield>
    <subfield code="f">BOOK</subfield>
    <subfield code="8">53472085180006441</subfield>
  </datafield>
  <datafield tag="POR" ind1=" " ind2=" ">
    <subfield code="j">SpringerLink - AutoHoldings</subfield>
    <subfield code="x">System</subfield>
    <subfield code="a">53247969310006446</subfield>
    <subfield code="M">49HBZ_UDE</subfield>
    <subfield code="p">61247729990006446</subfield>
    <subfield code="q">SpringerLink Books - AutoHoldings</subfield>
    <subfield code="c">param</subfield>
    <subfield code="o">613860000000000883</subfield>
    <subfield code="y">2020-12-11 12:39:08 Europe/Berlin</subfield>
    <subfield code="w">2020-12-11 12:38:30 Europe/Berlin</subfield>
    <subfield code="D">https://eu04.alma.exlibrisgroup.com/view/uresolver/49HBZ_NETWORK/openurl?u.ignore_date_coverage=true&amp;portfolio_pid=53247969310006446&amp;Force_direct=true</subfield>
    <subfield code="v">System</subfield>
    <subfield code="z">2020-12-11 11:38:30</subfield>
    <subfield code="i">false</subfield>
    <subfield code="t">DBN564</subfield>
    <subfield code="S">62247729980006446</subfield>
    <subfield code="d">https://hbz-network.userservices.exlibrisgroup.com/view/uresolver/49HBZ_NETWORK/openurl?u.ignore_date_coverage=true&amp;rft.mms_id=99203859337206446</subfield>
    <subfield code="b">Available</subfield>
    <subfield code="f">BOOK</subfield>
    <subfield code="8">53247969310006446</subfield>
  </datafield>
</record>